<record><leader>00000cas a22000007a 4500</leader><controlfield tag="001">12765135</controlfield><controlfield tag="008">851106d18702002vaucr ne      0    0eng d</controlfield><datafield ind1=" " ind2=" " tag="010"><subfield code="a">sn 85026935 </subfield></datafield><datafield ind1=" " ind2=" " tag="040"><subfield code="a">NPX</subfield><subfield code="b">eng</subfield><subfield code="c">NPX</subfield><subfield code="d">NVK</subfield><subfield code="d">OCLCQ</subfield><subfield code="d">NVK</subfield><subfield code="d">OCLCF</subfield><subfield code="d">OCLCO</subfield></datafield><datafield ind1="1" ind2=" " tag="029"><subfield code="a">AU@</subfield><subfield code="b">000022284734</subfield></datafield><datafield ind1=" " ind2=" " tag="042"><subfield code="a">msc</subfield></datafield><datafield ind1=" " ind2=" " tag="043"><subfield code="a">n-us-va</subfield></datafield><datafield ind1="0" ind2="0" tag="245"><subfield code="a">South West Virginia enterprise.</subfield></datafield><datafield ind1="3" ind2="0" tag="246"><subfield code="a">Virginia enterprise</subfield></datafield><datafield ind1="3" ind2="0" tag="246"><subfield code="a">Southwest Virginia enterprise</subfield></datafield><datafield ind1="1" ind2="3" tag="246"><subfield code="a">Enterprise</subfield></datafield><datafield ind1="3" ind2="0" tag="246"><subfield code="a">Virginia South West enterprise</subfield></datafield><datafield ind1=" " ind2=" " tag="260"><subfield code="a">Wytheville, Va. :</subfield><subfield code="b">J.H. Caldwell &amp; C.X. Mathews,</subfield><subfield code="c">1870-2002.</subfield></datafield><datafield ind1=" " ind2=" " tag="300"><subfield code="a">v. ;</subfield><subfield code="c">55 cm.</subfield></datafield><datafield ind1=" " ind2=" " tag="310"><subfield code="a">Semiweekly</subfield></datafield><datafield ind1="0" ind2=" " tag="362"><subfield code="a">Vol. 1, no. 1 (Apr. 17, 1870)-v. 131, no. 74 (June 1, 2002).</subfield></datafield><datafield ind1=" " ind2=" " tag="500"><subfield code="a">"South West" appears over title ornament, (June 8, 1870-Jan. 17, 1877).</subfield></datafield><datafield ind1=" " ind2=" " tag="500"><subfield code="a">Published as: Southwest Virginia enterprise &lt;Feb. 1, 1888&gt;-</subfield></datafield><datafield ind1=" " ind2="0" tag="651"><subfield code="a">Wytheville (Va.)</subfield><subfield code="v">Newspapers.</subfield></datafield><datafield ind1=" " ind2="7" tag="655"><subfield code="a">Newspapers.</subfield><subfield code="2">fast</subfield><subfield code="0">(OCoLC)fst01423814</subfield></datafield><datafield ind1=" " ind2="7" tag="651"><subfield code="a">Virginia</subfield><subfield code="z">Wytheville.</subfield><subfield code="2">fast</subfield><subfield code="0">(OCoLC)fst01222310</subfield></datafield><datafield ind1=" " ind2=" " tag="752"><subfield code="a">United States</subfield><subfield code="b">Virginia</subfield><subfield code="c">Wythe</subfield><subfield code="d">Wytheville.</subfield></datafield><datafield ind1="0" ind2="5" tag="780"><subfield code="t">Wytheville dispatch (Wytheville, Va : 1862 : Weekly)</subfield></datafield><datafield ind1="0" ind2="0" tag="785"><subfield code="t">Wytheville enterprise</subfield><subfield code="w">(DLC)sn2003061507</subfield></datafield></record>